
@book{katzIntroductionModernCryptography2008,
  title = {Introduction to {{Modern Cryptography}}: {{Principles}} and {{Protocols}}},
  author = {Katz, J. and Lindell, Y.},
  year = {2008},
  publisher = {{Chapman \& Hall}},
  file = {C\:\\Users\\tn5093\\Zotero\\storage\\B549UT3X\\Katz - 2007 - Introduction to Modern Cryptography Principles an.pdf},
  isbn = {978-1-4200-1075-6}
}